@preamble{ "\newcommand{\noopsort}[1]{} "
        # "\newcommand{\printfirst}[2]{#1} "
        # "\newcommand{\singleletter}[1]{#1} "
        # "\newcommand{\switchargs}[2]{#2#1} " }

@book{Aho+1974,
    title     = "The Design and Analysis of Computer Algorithms",
    author    = "Aho, A. V. and Hopcroft, J. E. and Ullman, J. D.",
    publisher = "Addison-Wesley",
    location  = "Reading, Mass.",
    year      = 1974
}

@article{Brown1978,
    title   = "Implementation and analysis of binomial queue algorithms",
    author  = "Brown, M. R.",
    journal = "SIAM J. Comput.",
    volume  = 7,
    number  = 3,
    month   = aug,
    year    = 1978,
    pages   = "298--319"
}

@article{Camerini+1979,
    title   = "A note on finding optimum branchings",
    author  = "Camerini, P. M. and Fratta, L. and Maffioli, F.",
    journal = "Networks",
    volume  = 9,
    number  = 4,
    issue   = "Winter",
    year    = "1979",
    pages   = "309--312"
}

@article{CheritonTarjan1976,
    title   = "Finding minimum spanning trees",
    author  = "Cheriton, D. and Tarjan, R. E.",
    journal = "SIAM J. Comput.",
    volume  = 5,
    number  = 4,
    month   = dec,
    year    = "1976",
    pages   = "724--742"
}

@article{Dijkstra1959,
    title   = "A note on two problems in connexion with graphs",
    author  = "Dijkstra, E. W.",
    journal = "Numer. Math.",
    volume  = 1,
    number  = 4,
    month   = sep,
    year    = 1959,
    pages   = "169--271"
}

@article{EdmondsKarp1972,
    title   = "Theoretical improvements in algorithmic efficiency for network flow problems",
    author  = "Edmonds, J. and Karp, R. M.",
    journal = "J. ACM",
    volume  = 19,
    number  = 2,
    month   = apr,
    year    = 1972,
    pages   = "248--264"
}

@inproceedings{GabowStallman1985,
    title     = "Efficient algorithms for the parity and intersection problems on graphic matroids",
    author    = "Gabow, H. N. and Stallman, M.",
    booktitle = "Automata, Languages, and Programming, 12th Colloqium",
    editor    = "Brauer, W.",
    series    = "Lectures Notes in Computer Science",
    volume    = 194,
    publisher = "Springer-Verlag",
    location  = "New York",
    year      = 1985,
    pages     = "210--220"
}

@article{GabowTarjan1984,
    title   = "Efficient algorithms for a family of matroid intersection problems",
    author  = "Gabow, H. N. and Tarjan, R. E.",
    journal = "J. Algorithms",
    volume  = 5,
    number  = 1,
    month   = mar,
    year    = 1984,
    pages   = "80--131"
}

@inproceedings{Gabow+1984,
    title     = "Efficient implementation of graph algorithms using contraction",
    author    = "Gabow, H. N. and Galil, Z. and Spencer, T.",
    journal   = "J. Algorithms",
    booktitle = "Proceedings of the 25th Annual IEEE Symposium on Foundations of Computing",
    venue     = "Singer Island, Fla.",
    eventdate = "1984-10-24/1984-10-26",
    publisher = "IEEE Press",
    location  = "New York",
    year      = 1984,
    pages     = "338--346"
}

@article{Gabow+1986,
    title   = "Efficient algorithms for finding minimum spanning trees in undirected and directed graphs",
    author  = "Gabow, H. N. and Galil, Z. and Spencer, T. and Tarjan, R. E.",
    journal = "Combinatorica",
    volume  = 6,
    number  = 2,
    year    = 1986,
    pages   = "109--122"
}

@article{GrahamHell1985,
    title   = "On the history of the minimum spanning tree problem",
    author  = "Graham, R. L. and Hell, P.",
    journal = "Ann. Hist. Comput.",
    volume  = 7,
    number  = 1,
    month   = jan,
    year    = 1985,
    pages   = "43--57"
}

@article{Jarnik1930,
    title    = "O jistém problému minimálním",
    author   = "Jarník, V.",
    journal  = "Práce Moravské Přírodovědecké Společnosti",
    language = czech,
    volume   = 6,
    year     = 1930,
    pages    = "57--63"
}

@article{Johnson1977,
    title   = "Efficient algorithms for shortest paths in sparse networks",
    author  = "Johnson, D. B.",
    journal = "J. ACM",
    volume  = 24,
    number  = 1,
    month   = jan,
    year    = 1977,
    pages   = "1--13"
}

@book{TAOCP1,
    title     = "The Art of Computer Programming",
    author    = "Knuth, D. E.",
    subtitle  = "Vol. 1, Fundamental Algorithms",
    edition   = "2nd ed.",
    publisher = "Addison-Wesley",
    location  = "Reading, Mass.",
    year      = 1973
}

@book{TAOCP3,
    title     = "The Art of Computer Programming",
    author    = "Knuth, D. E.",
    subtitle  = "Vol. 3, Sorting and Searching",
    publisher = "Addison-Wesley",
    location  = "Reading, Mass.",
    year      = 1973
}

@article{Knuth1977,
    title   = "A generalization of Dijkstra's algorithm",
    author  = "Knuth, D. E.",
    journal = "Inf. Process. Lett.",
    volume  = 6,
    number  = 1,
    month   = feb,
    year    = 1977,
    pages   = "1--5"
}

@inproceedings{Komlos1984,
    title     = "Linear verification for spanning trees",
    author    = "Komlós, J.",
    booktitle = "Proceedings of the 25th Annual IEEE Symposium on Foundations of Computing",
    venue     = "Singer Island, Fla.",
    eventdate = "1984-10-24/1984-10-26",
    publisher = "IEEE Press",
    location  = "New York",
    year      = 1984,
    pages     = "201--206"
}

@article{Prim1957,
    title   = "Shortest connection networks and some generalizations",
    author  = "Prim, R. C.",
    journal = "Bell Syst. Tech. J.",
    volume  = 36,
    number  = 6,
    month   = nov,
    year    = 1957,
    pages   = "1389--1401"
}

@article{SleatorTarjan1986,
    title   = "Self-adjusting heaps",
    author  = "Sleator, D. D. and Tarjan, R. E.",
    journal = "SIAM J. Comput.",
    volume  = 15,
    number  = 1,
    month   = feb,
    year    = 1986,
    pages   = "52--69"
}

@article{SuurballeTarjan1984,
    author  = "Suurballe, J. W. and Tarjan, R. E.",
    title   = "A quick method for finding shortest pairs of paths",
    journal = "Networks",
    volume  = 14,
    year    = 1984,
    pages   = "325--336"
}

@article{Tarjan1977,
    title   = "Finding optimum branchings",
    author  = "Tarjan, R. E.",
    journal = "Networks",
    volume  = 7,
    number  = 1,
    issue   = "Spring",
    year    = 1977,
    pages   = "25--35"
}

@article{Tarjan1979a,
    title   = "A class of algorithms which require nonlinear time to maintain disjoint sets",
    author  = "Tarjan, R. E.",
    journal = "J. Comput. Syst. Sci.",
    volume  = 18,
    number  = 2,
    month   = apr,
    year    = 1979,
    pages   = "110--127"
}

@article{Tarjan1979b,
    title   = "Applications of path compression on balanced trees",
    author  = "Tarjan, R. E.",
    journal = "J. ACM",
    volume  = 26,
    number  = 4,
    month   = oct,
    year    = 1979,
    pages   = "690--715"
}

@book{Tarjan1983,
    author    = "Tarjan, R. E.",
    title     = "Data Structures and Network Algorithms",
    publisher = "Society for Industrial and Applied Mathematics",
    year      = 1983,
    doi       = 10.1137/1.9781611970265,
    URL       = http://epubs.siam.org/doi/abs/10.1137/1.9781611970265,
    eprint    = http://epubs.siam.org/doi/pdf/10.1137/1.9781611970265
}

@article{Tarjan1985,
    title   = "Amortized computational complexity",
    author  = "Tarjan, R. E.",
    journal = "SIAM J. Algebraic Discrete Methods",
    volume  = 6,
    number  = 2,
    month   = apr,
    year    = 1985,
    pages   = "306--318"
}

@article{TarjanVanLeeuwen1984,
    title   = "Worst-case analysis of set union algorithms",
    author  = "Tarjan, R. E. and van Leeuwen, J.",
    journal = "J. ACM",
    volume  = 31,
    number  = 2,
    year    = 1984,
    pages   = "245--281"
}

@article{Vuillemin1978,
    title = "A data structure for manipulating priority queues",
    author = "Vuillemin, J.",
    journal = "Commun. ACM",
    volume = 21,
    number = 4,
    month = apr,
    year = 1978,
    pages = "309--315"
}

@article{Yao1975,
    title   = "An {\(\mathcal O(|E| \log \log |V|)\)} algorithm for finding minimum spanning trees",
    author  = "Yao, A.",
    journal = "Inf. Process. Lett.",
    volume  = 4,
    number  = 1,
    month   = sep,
    year    = 1975,
    pages   = "21--23"
}

% vim: set et sw=4 ts=4:
